@inproceedings{Kaneta:2010:FBM:1928328.1928377,
	author = {Kaneta, Yusaku and Minato, Shin-Ichi and Arimura, Hiroki},
	title = {Fast Bit-parallel Matching for Network and Regular Expressions},
	series = {SPIRE'10},
	year = {2010},
} 
